
@article{DBLP:journals/corr/abs-1911-03894,
  author       = {Louis Martin and
                  Benjamin Muller and
                  Pedro Javier Ortiz Su{\'{a}}rez and
                  Yoann Dupont and
                  Laurent Romary and
                  {\'{E}}ric Villemonte de la Clergerie and
                  Djam{\'{e}} Seddah and
                  Beno{\^{\i}}t Sagot},
  title        = {CamemBERT: a Tasty French Language Model},
  journal      = {CoRR},
  volume       = {abs/1911.03894},
  year         = {2019},
  url          = {http://arxiv.org/abs/1911.03894},
  eprinttype    = {arXiv},
  eprint       = {1911.03894},
  timestamp    = {Mon, 29 Jan 2024 08:32:54 +0100},
  biburl       = {https://dblp.org/rec/journals/corr/abs-1911-03894.bib},
  bibsource    = {dblp computer science bibliography, https://dblp.org}
}
@misc{devlin2019bertpretrainingdeepbidirectional,
      title={BERT: Pre-training of Deep Bidirectional Transformers for Language Understanding}, 
      author={Jacob Devlin and Ming-Wei Chang and Kenton Lee and Kristina Toutanova},
      year={2019},
      eprint={1810.04805},
      archivePrefix={arXiv},
      primaryClass={cs.CL},
      url={https://arxiv.org/abs/1810.04805}, 
}

